@inproceedings{Cheng2013,
	author = {Cheng, Yufei and {\c{C}}etinkaya, Egemen K and Sterbenz, James P G},
	booktitle = {Proceedings of the 6th International ICST Conference on Simulation Tools and Techniques},
	doi = {10.5555/2512734.2512759},
	pages = {182--189},
	title = {{Transactional Traffic Generator Implementation in ns-3}},
	year = {2013}
}


@article{Crovella1997,
	author = {Crovella, M.E. and Bestavros, Azer},
	doi = {10.1109/90.650143},
	issn = {10636692},
	journal = {IEEE/ACM Transactions on Networking},
	number = {6},
	pages = {835--846},
	title = {{Self-similarity in World Wide Web traffic: evidence and possible causes}},
	url = {http://ieeexplore.ieee.org/document/650143/},
	volume = {5},
	year = {1997}
}


@inproceedings{JinCao2004,
	author = {{Jin Cao} and Cleveland, W.S. and {Yuan Gao} and Jeffay, Kevin and Smith, F.D. and Weigle, Michele},
	booktitle = {IEEE INFOCOM 2004},
	doi = {10.1109/INFCOM.2004.1354568},
	isbn = {0-7803-8355-9},
	issn = {0743166X},
	pages = {1546--1557},
	publisher = {IEEE},
	title = {{Stochastic models for generating synthetic HTTP source traffic}},
	url = {http://ieeexplore.ieee.org/document/1354568/},
	year = {2004}
}

@inproceedings{Pries2012,
	author = {Pries, Rastin and Magyari, Zsolt and Tran-Gia, Phuoc},
	booktitle = {Proceedings of the 8th Euro-NF Conference on Next Generation Internet NGI 2012},
	doi = {10.1109/NGI.2012.6252145},
	isbn = {978-1-4673-1634-7},
	month = {jun},
	number = {d},
	pages = {133--139},
	publisher = {IEEE},
	title = {{An HTTP web traffic model based on the top one million visited web pages}},
	url = {http://ieeexplore.ieee.org/lpdocs/epic03/wrapper.htm?arnumber=6252145 http://ieeexplore.ieee.org/document/6252145/},
	year = {2012}
}

@inproceedings{Ihm2011,
	author = {Ihm, Sunghwan and Pai, Vivek S.},
	booktitle = {Proceedings of the 2011 ACM SIGCOMM conference on Internet measurement conference - IMC '11},
	doi = {10.1145/2068816.2068845},
	isbn = {9781450310130},
	pages = {295},
	publisher = {ACM Press},
	title = {{Towards understanding modern web traffic}},
	url = {http://dl.acm.org/citation.cfm?doid=2068816.2068845},
	year = {2011}
}

@article{Navarro-Ortiz2020,
	author = {Navarro-Ortiz, Jorge and Romero-Diaz, Pablo and Sendra, Sandra and Ameigeiras, Pablo and Ramos-Munoz, Juan J. and Lopez-Soler, Juan M.},
	doi = {10.1109/COMST.2020.2971781},
	issn = {1553-877X},
	journal = {IEEE Communications Surveys \& Tutorials},
	pages = {905--929},
	title = {{A Survey on 5G Usage Scenarios and Traffic Models}},
	url = {https://ieeexplore.ieee.org/document/8985528/},
	year = {2020}
}

@online{Johnson2021,
	author = {Joseph Johnson},
	title = {{Internet usage worldwide - Statistics \& Facts}},
	url  = {https://www.statista.com/topics/1145/internet-usage-worldwide/},
	year = {2021},
	note = {Acesso em: 22 de Maio de 2021}
}

@online{Lavado2020,
	author = {Thiago Lavado},
	title = {Com maior uso da internet durante pandemia, número de reclamações aumenta; especialistas apontam problemas mais comuns},
	url = {https://g1.globo.com/economia/tecnologia/noticia/2020/06/11/com-maior-uso-da-internet-durante-pandemia-numero-de-reclamacoes-aumenta-especialistas-apontam-problemas-mais-comuns.ghtml},
	year = {2020},
	note = {Acesso em: 24 de Maio de 2021}
}

@book{Hall2019,
	author = {Hall, Brian},
	title = {Beej's Guide to Network Programming: Using Internet Sockets},
	isbn = {978-1705309902},
	publisher = {Autopublicado},
	url  = {http://beej.us/guide/bgnet/},
	year = {2019}
}

@book{Kurose2013,
	author = {James F. Kurose and Keith W. Ross},
	title = {Redes De Computadores E A Internet: Uma Abordagem Top Down},
	isbn = {978-8581436777},
	publisher = {Pearson},
	year = {2013}
}

@online{ns3-2021,
	author = {{NS-3 Consortium}},
	title = {ns-3 | a discrete-event network simulator for internet systems},
	url  = {https://www.nsnam.org},
	year = {2021},
	note = {Acesso em: 24 de Maio de 2021}
}

@book{Rhodes2014,
	author = {Rhodes, Brandon and Goerzen, John},
	title = {Foundations of Python Network Programming},
	isbn = {978-1430258544},
	publisher = {Apress},
	year = {2014},
}

@techreport{IETF2014,
	author = {IETF},
	title = {RFCs 7230 a 7237 - Hypertext Transfer Protocol (HTTP/1.1)},
	issn = {2070-1721},
	publisher = {RFC Editor},
	url = {https://datatracker.ietf.org/wg/httpbis/documents/},
	year = {2014},
	note = {Acesso em: 24 de Maio de 2021}
}


@online{cisco-newsroom-vni-2017-2022,
	author = {{Cisco}},
	title = {Cisco Predicts More IP Traffic in the Next Five Years Than in the History of the Internet},
	url  = {https://newsroom.cisco.com/press-release-content?type=webcontent&articleId=1955935},
	year = {2018},
	note = {Acesso em: 11 de Junho de 2021}
}

@article{Ramos-munoz2014,
	author = {Ramos-munoz, Juan and Prados-Garzon, Jonathan and Ameigeiras, Pablo and Navarro-Ortiz, Jorge and Lopez-soler, Juan},
	doi = {10.1109/MWC.2014.6757893},
	issn = {1536-1284},
	journal = {IEEE Wireless Communications},
	month = {feb},
	number = {1},
	pages = {18--25},
	title = {{Characteristics of mobile youtube traffic}},
	url = {http://ieeexplore.ieee.org/document/6757893/},
	volume = {21},
	year = {2014}
}

@inproceedings{Waldmann2017,
	author = {Waldmann, Silvio and Miller, Konstantin and Wolisz, Adam},
	booktitle = {2017 IEEE Conference on Computer Communications Workshops (INFOCOM WKSHPS)},
	doi = {10.1109/INFCOMW.2017.8116459},
	isbn = {978-1-5386-2784-6},
	keywords = {Adaptive streaming,MPEG-DASH,Traffic generator,Traffic model},
	month = {may},
	pages = {683--688},
	publisher = {IEEE},
	title = {{Traffic model for HTTP-based adaptive streaming}},
	url = {http://ieeexplore.ieee.org/document/8116459/},
	year = {2017}
}

@article{Ragimova2019,
	author = {Ragimova, Kamila and Loginov, Vyacheslav and Khorov, Evgeny},
	doi = {10.1109/BlackSeaCom.2019.8812782},
	isbn = {9781728132341},
	journal = {2019 IEEE International Black Sea Conference on Communications and Networking, BlackSeaCom 2019},
	pages = {1--5},
	publisher = {IEEE},
	title = {{Analysis of YouTube DASH Traffic}},
	year = {2019}
}

@article{Zhao2013,
	author = {Zhao, Guo-feng and Yu, Min-chang and Xu, Chuan and Tang, Hong},
	isbn = {9781612082851},
	journal = {Proceedings of the 5th International Conference on Evolving Internet (INTERNET 2013)},
	keywords = {Markov Model,Pareto Distribution,Traffic generation},
	number = {c},
	pages = {10--15},
	title = {{Generating Web Traffic based on User Behavioral Model}},
	volume = {11},
	year = {2013}
}

@inproceedings{Tsompanidis2014,
	author = {Tsompanidis, Ilias and Zahran, Ahmed H. and Sreenan, Cormac J.},
	booktitle = {2014 7th IFIP Wireless and Mobile Networking Conference (WMNC)},
	doi = {10.1109/WMNC.2014.6878862},
	isbn = {978-1-4799-3060-9},
	month = {may},
	pages = {1--8},
	publisher = {IEEE},
	title = {{Mobile network traffic: A user behaviour model}},
	url = {https://ieeexplore.ieee.org/document/6878862},
	year = {2014}
}

@article{Fang2016,
	author = {Fang, Cheng and Liu, Jun and Lei, Zhenming},
	doi = {10.1109/ACCESS.2016.2597538},
	issn = {2169-3536},
	journal = {IEEE Access},
	keywords = {Mobile web,Spark Streaming,stream algorithm,traffic models,web traffic},
	pages = {4364--4373},
	publisher = {IEEE},
	title = {{Fine-Grained HTTP Web Traffic Analysis Based on Large-Scale Mobile Datasets}},
	url = {http://ieeexplore.ieee.org/document/7529079/},
	volume = {4},
	year = {2016}
}

@phdthesis{SaulodaMata2017,
	author       = {Saulo Henrique da Mata}, 
	title        = {{A New Genetic Algorithm Based Scheduling Algorithm for the LTE Uplink}},
	school       = {Universidade Federal de Uberlândia},
	year         = 2017,
	address      = {Uberlândia, Brasil},
	url          = {https://repositorio.ufu.br/bitstream/123456789/19062/3/NewGeneticAlgorithm.pdf}
}

@misc{3GPP2-2001,
	author       = {3GPP2-TSGC5}, 
	title        = {HTTP, FTP and TCP models for 1xEV-DV simulations},
	year         = 2001
}

@online{g1-2016,
	author = {{G1}},
	title = {Pela 1ª vez, internet em smartphones e tablets supera uso no computador},
	url  = {http://g1.globo.com/tecnologia/noticia/2016/11/pela-1-vez-internet-em-smartphones-e-tablets-supera-uso-no-computador.html},
	year = {2016},
	note = {Acesso em: 21 de Junho de 2021}
}
